<?xml version="1.0" encoding="UTF-8"?><collection xmlns="http://www.loc.gov/MARC21/slim"><record><leader>00427nam--2200133-i-4500</leader><controlfield tag="001">000023818</controlfield><controlfield tag="002">20161230</controlfield><controlfield tag="005">20161230201035</controlfield><controlfield tag="008">060222s1000------------r-----000-0-eng-d</controlfield><datafield ind1=" " ind2=" " tag="080"><subfield code="a">51(053.3)</subfield></datafield><datafield ind1=" " ind2=" " tag="100"><subfield code="a">Hilbert, David</subfield></datafield><datafield ind1=" " ind2=" " tag="245"><subfield code="a">Gesammelte abhandlungen. zweite auflage. band 3: analysis. grundlagen der mathematik physik. verschiedenes lebensgeschichte</subfield></datafield><datafield ind1=" " ind2=" " tag="260"><subfield code="a">Berlin, Springer-verlag, 1970, Vii + 435 P</subfield></datafield><datafield ind1=" " ind2=" " tag="852"><subfield code="a">46499</subfield></datafield></record></collection>